<record><leader>00000cas a2200000 a 4500</leader><controlfield tag="001">21730588</controlfield><controlfield tag="008">900607d19831984iluwr ne      0   a0eng c</controlfield><datafield ind1=" " ind2=" " tag="010"><subfield code="a">sn 90054540 </subfield></datafield><datafield ind1=" " ind2=" " tag="040"><subfield code="a">NVF</subfield><subfield code="b">eng</subfield><subfield code="c">NVF</subfield><subfield code="d">NVF</subfield><subfield code="d">OCLCQ</subfield><subfield code="d">OCLCF</subfield><subfield code="d">NVF</subfield><subfield code="d">OCLCO</subfield></datafield><datafield ind1="1" ind2=" " tag="029"><subfield code="a">AU@</subfield><subfield code="b">000020608084</subfield></datafield><datafield ind1=" " ind2=" " tag="042"><subfield code="a">pcc</subfield></datafield><datafield ind1=" " ind2=" " tag="043"><subfield code="a">n-us-il</subfield></datafield><datafield ind1="0" ind2="0" tag="245"><subfield code="a">Farmer City journal Saybrook gazette and Arrowsmith news.</subfield></datafield><datafield ind1="1" ind2="3" tag="246"><subfield code="a">Farmer City Saybrook gazette and Arrowsmith news journal</subfield></datafield><datafield ind1=" " ind2=" " tag="260"><subfield code="a">Farmer City, Ill. :</subfield><subfield code="b">Bolinger Press,</subfield><subfield code="c">1983-1984.</subfield></datafield><datafield ind1=" " ind2=" " tag="300"><subfield code="a">v.</subfield></datafield><datafield ind1=" " ind2=" " tag="310"><subfield code="a">Weekly</subfield></datafield><datafield ind1="0" ind2=" " tag="362"><subfield code="a">111th year, 14th issue (Mar. 3, 1983)-112th year, 18th issue (Apr. 5, 1984).</subfield></datafield><datafield ind1=" " ind2=" " tag="580"><subfield code="a">Split into: Farmer City journal (Farmer City, Ill. : 1984) and: Saybrook gazette and Arrowsmith news (Saybrook, Ill. : 1984).</subfield></datafield><datafield ind1=" " ind2="0" tag="651"><subfield code="a">Farmer City (Ill.)</subfield><subfield code="v">Newspapers.</subfield></datafield><datafield ind1=" " ind2="0" tag="651"><subfield code="a">Arrowsmith (Ill.)</subfield><subfield code="v">Newspapers.</subfield></datafield><datafield ind1=" " ind2="0" tag="651"><subfield code="a">Saybrook (Ill.)</subfield><subfield code="v">Newspapers.</subfield></datafield><datafield ind1=" " ind2="7" tag="651"><subfield code="a">Illinois</subfield><subfield code="z">Arrowsmith.</subfield><subfield code="2">fast</subfield><subfield code="0">(OCoLC)fst01306442</subfield></datafield><datafield ind1=" " ind2="7" tag="651"><subfield code="a">Illinois</subfield><subfield code="z">Farmer City.</subfield><subfield code="2">fast</subfield><subfield code="0">(OCoLC)fst01248312</subfield></datafield><datafield ind1=" " ind2="7" tag="651"><subfield code="a">Illinois</subfield><subfield code="z">Saybrook.</subfield><subfield code="2">fast</subfield><subfield code="0">(OCoLC)fst01875073</subfield></datafield><datafield ind1=" " ind2="7" tag="655"><subfield code="a">Newspapers.</subfield><subfield code="2">fast</subfield><subfield code="0">(OCoLC)fst01423814</subfield></datafield><datafield ind1=" " ind2=" " tag="752"><subfield code="a">United States</subfield><subfield code="b">Illinois</subfield><subfield code="c">De Witt</subfield><subfield code="d">Farmer City.</subfield></datafield><datafield ind1="0" ind2="0" tag="780"><subfield code="t">Farmer City journal (Farmer City, Ill. : 1941)</subfield><subfield code="w">(DLC)sn 90054535</subfield><subfield code="w">(OCoLC)21730501</subfield></datafield><datafield ind1="1" ind2="6" tag="785"><subfield code="t">Farmer City journal (Farmer City, Ill. : 1984)</subfield><subfield code="w">(DLC)sn 90054545</subfield><subfield code="w">(OCoLC)21730703</subfield></datafield><datafield ind1="1" ind2="6" tag="785"><subfield code="t">Saybrook gazette and Arrowsmith news (Saybrook, Ill. : 1984)</subfield><subfield code="w">(DLC)sn 90054497</subfield><subfield code="w">(OCoLC)21182860</subfield></datafield></record>